% Encoding: UTF-8

@book{Bringhurst12,
  title     = {The Elements of Typographic Style},
  publisher = {Hartley \& Marks Publishers},
  year      = {2012},
  author    = {Robert Bringhurst},
  address   = {Vancouver, British Columbia, Canada},
  edition   = {4}
}

@misc{noauthor_macintosh_2010,
	title = {Macintosh {Product} {Introduction} {Plan}},
	url = {https://web.archive.org/web/20100721013724/http://library.stanford.edu/mac/primary/docs/pip83.html},
	urldate = {2021-04-01},
	journal = {Stanford University Libraries \& Academic Information Resources},
	month = jul,
	year = {2010},
}

@misc{polsson_chronology_2009,
	title = {Chronology of {Apple} {Computer} {Personal} {Computers} (1984-1985)},
	url = {https://web.archive.org/web/20090821105822/http://www.islandnet.com/~kpolsson/applehis/appl1984.htm},
	urldate = {2021-04-01},
	author = {Polsson, Ken},
	month = aug,
	year = {2009},
}

@misc{december_2019_what_nodate,
	title = {What is {SaaS}? {Everything} you need to know about {Software} as a {Service}},
	shorttitle = {What is {SaaS}?},
	url = {https://www.techradar.com/news/what-is-saas},
	abstract = {Software as a Service explained},
	language = {en},
	urldate = {2021-04-01},
	journal = {TechRadar},
	author = {Turner, Brian},
}